@BOOKLET{Madsen2010,
  author = {Lars Madsen},
  title = {Introduktion til {LaTeX}},
  year = {2010},
  howpublished = {\url{http://www.imf.au.dk/system/latex/bog/}}
 }
 
@MISC{Oetiker2010,
  author = {Tobias Oetiker},
  title = {The Not So Short A Introduction to {LaTeX2e}},
  year = {2010},
  howpublished = {\url{http://tobi.oetiker.ch/lshort/lshort.pdf}}
 }
 
@BOOK{Mittelbach2005,
  author = {Frank Mittelbach},
  edition = {2. ed.},
  publisher = {Addison-Wesley},
  title = {The LATEX companion},
  year = 2005
}

@book{manning2008introduction,
  title={An Introduction to Information Retrieval},
  author={Manning, Christopher D. and Raghavan, Prabhakar and Sch{\"u}tze, Hinrich},
  volume={1},
  number={1},
  year={2008},
  publisher={Cambridge University Press Cambridge}
}

@misc{cui2015classification,
  title={Classification Team Project for IDEAL in CS5604, Spring 2015},
  author={Cui, Xuewen and Tao, Rongrong and Zhang, Ruide},
  year={2015},
  note = {\href{http://vtechworks.lib.vt.edu/bitstream/handle/10919/52253/ReportClassify.pdf}{http://vtechworks.lib.vt.edu/bitstream/handle/10919/52253/ReportClassify.pdf}}
}

@inproceedings{bergstra2013hyperopt,
  title={Hyperopt: A Python library for optimizing the hyperparameters of machine learning algorithms},
  author={Bergstra, James; Yamins, Dan and Cox, David D.},
  booktitle={Proceedings of the 12th Python in Science Conference},
  pages={13-20},
  year={2013}
}

@inproceedings{han2000mining,
  title={Mining frequent patterns without candidate generation},
  author={Han, Jiawei and Pei, Jian and Yin, Yiwen},
  booktitle={ACM SIGMOD Record},
  volume={29},
  number={2},
  pages={1--12},
  year={2000},
  organization={ACM}
}

@misc{pythonSparkTutorial,
	title={Spark Examples for Python},
    note={\href{https://github.com/apache/spark/tree/master/examples/src/main/python}{https://github.com/apache/spark/tree/master/examples/src/main/python}}
}

@misc{solrTeamTutorial,
	title={Tutorial by Solr Team},
    note={\href{https://canvas.vt.edu/courses/21271/files/folder/2016/Tutorials?preview=691471}{https://canvas.vt.edu/courses/21271/files/folder/2016/Tutorials?preview=691471}}
}

@misc{solrIR2,
	title={Interim Report 2 for Solr Team},
    note={\href{https://canvas.vt.edu/courses/21271/files/folder/2016/InterimReport2?preview=729831}{https://canvas.vt.edu/courses/21271/files/folder/2016/InterimReport2?preview=729831}}
}

@misc{hbaseShellTutorial,
title={HBase Shell Commands},
note={\href{https://learnhbase.wordpress.com/2013/03/02/hbase-shell-commands/}{https://learnhbase.wordpress.com/2013/03/02/hbase-shell-commands/}}
}